@misc{sqli,
  title = "{SQL Injection}",
  author = "OWASP",
  note = {\url{https://owasp.org/www-community/attacks/SQL_Injection}}
}

@misc{blind-sqli,
  title = "{Blind SQL Injection}",
  author = "OWASP",
  note = {\url{https://owasp.org/www-community/attacks/Blind_SQL_Injection}}
}

@misc{sqli-cwe,
  title = "{CWE-89: Improper Neutralization of Special Elements used in an SQL Command ('SQL Injection')}",
  author = "MITRE",
  note = {\url{https://cwe.mitre.org/data/definitions/89.html}}
}

@misc{sqli-prevention,
  title = "{SQLi Prevention}",
  author = "OWASP",
  note = {\url{https://cheatsheetseries.owasp.org/cheatsheets/SQL_Injection_Prevention_Cheat_Sheet.html}}
}

@misc{unicode,
  title = "{Unicode}",
  author = "{Unicode}",
  note = {\url{https://www.unicode.org/reports/tr15/}}
}
