@misc{elf,
  title = "{ELF}",
  author = "{Wikipedia}",
  note = {\url{https://en.wikipedia.org/wiki/Executable_and_Linkable_Format}}
}

@misc{rev_eng,
  title = {Binary Reverse Engineering},
  author = {Wikipedia},
  note = {\url{https://en.wikipedia.org/wiki/Reverse_engineering#Binary_software}}
}

@misc{stripping,
  title = {Stripping},
  author = {Wikipedia},
  note = {\url{https://en.wikipedia.org/wiki/Strip_(Unix)}}
}

@misc{packing,
  title = {Code Packing},
  author = {ReasonLabs},
  note = {\url{https://cyberpedia.reasonlabs.com/EN/code%20packing.html}}
}

@misc{vm_obf,
  title = {Virtual Machine Obfuscation},
  author = {ReasonLabs},
  note = {\url{https://cyberpedia.reasonlabs.com/EN/virtual%20machine-based%20obfuscation.html}}
}

@misc{anti_disass,
  title = {Anti-disassembly},
  author = {ReasonLabs},
  note = {\url{https://cyberpedia.reasonlabs.com/EN/anti-disassembly%20techniques.html}}
}
