@misc{strace,
  title = "{strace}",
  author = "{Wikipedia}",
  note = {\url{https://en.wikipedia.org/wiki/Strace}}
}

@misc{gdb,
  title = "{GDB}",
  author = "{Wikipedia}",
  note = {\url{https://en.wikipedia.org/wiki/GNU_Debugger}}
}

@misc{ptrace,
  title = "{Ptrace}",
  author = "{Wikipedia}",
  note = {\url{https://en.wikipedia.org/wiki/Ptrace}}
}

@misc{smc,
  title = "{Self Modifying Code}",
  author = "{Wikipedia}",
  note = {\url{https://en.wikipedia.org/wiki/Self-modifying_code#Use_as_camouflage}}
}

@misc{elf,
  title = "{ELF}",
  author = "{Wikipedia}",
  note = {\url{https://en.wikipedia.org/wiki/Executable_and_Linkable_Format}}
}

@misc{rev_eng,
  title = {Binary Reverse Engineering},
  author = {Wikipedia},
  note = {\url{https://en.wikipedia.org/wiki/Reverse_engineering#Binary_software}}
}
