@misc{hardcoded,
    author = {MITRE},
    title = {Hardcoded Credentials},
    note = {\url{https://cwe.mitre.org/data/definitions/798.html}},
}

@misc{command_injection,
    author = {OWASP},
    title = {Command Injection},
    note = {\url{https://owasp.org/www-community/attacks/Command_Injection}},
}

@misc{path_traversal,
    author = {OWASP},
    title = {Path Traversal},
    note = {\url{https://owasp.org/www-community/attacks/Path_Traversal}},
}
