@misc{rsa,
  title = "{RSA Cryptosystem}",
  author = "{Wikipedia}",
  note = {\url{https://en.wikipedia.org/wiki/RSA_cryptosystem}}
}

@misc{message_integrity,
  title = "{Message Integrity}",
  author = "{GeeksForGeeks}",
  note = {\url{https://www.geeksforgeeks.org/message-integrity-in-cryptography/}}
}

@misc{bcrypt,
  title = "{Bcrypt}",
  author = "{Wikipedia}",
  note = {\url{https://en.wikipedia.org/wiki/Bcrypt}}
}

@misc{mac,
  title = "{MAC}",
  author = "{Wikipedia}",
  note = {\url{https://en.wikipedia.org/wiki/Message_authentication_code}}
}

@misc{gcm,
  title = "{GCM}",
  author = "{Wikipedia}",
  note = {\url{https://en.wikipedia.org/wiki/Galois/Counter_Mode}}
}

@misc{oaep,
  title = "{OAEP}",
  author = "{Wikipedia}",
  note = {\url{https://en.wikipedia.org/wiki/Optimal_asymmetric_encryption_padding}}
}
