@misc{mac,
  title = "{MAC}",
  author = "{Wikipedia}",
  note = {\url{https://en.wikipedia.org/wiki/Message_authentication_code}}
}

@misc{bit-flipping,
  title = "{Bit-flipping}",
  author = "{Wikipedia}",
  note = {\url{https://en.wikipedia.org/wiki/Stream_cipher_attacks#Bit-flipping_attack}}
}

@misc{gcm,
  title = {GCM},
  author = "{Wikipedia}",
  note = {\url{https://en.wikipedia.org/wiki/Galois/Counter_Mode}}
}

@misc{cbc,
  title = "{CBC}",
  author = "{Wikipedia}",
  note = {\url{https://en.wikipedia.org/wiki/Block_cipher_mode_of_operation}}
}

@misc{aes,
  title = "{AES}",
  author = "{Wikipedia}",
  note = {\url{https://en.wikipedia.org/wiki/Advanced_Encryption_Standard}}
}

@misc{unicode,
  title = "{Unicode}",
  author = "{Unicode}",
  note = {\url{https://www.unicode.org/reports/tr15/}}
}
