@misc{mem_corr,
  title = "{Memory Corruption}",
  author = "{Wikipedia}",
  note = {\url{https://en.wikipedia.org/wiki/Memory_corruption}}
}

@misc{stack_overflow,
  title = "{Stack Buffer Overflow}",
  author = "{Wikipedia}",
  note = {\url{https://en.wikipedia.org/wiki/Stack_buffer_overflow}}
}

@misc{cwe119,
  title = "{CWE 119}",
  author = "{CWE}",
  note = {\url{https://cwe.mitre.org/data/definitions/119.html}}
}

@misc{canaries,
  title = "{Canaries}",
  author = "{Wikipedia}",
  note = {\url{https://en.wikipedia.org/wiki/Buffer_overflow_protection#Canaries}}
}

@misc{gets,
  title = "{Gets}",
  author = "{Man}",
  note = {\url{https://www.man7.org/linux/man-pages/man3/gets.3.html}}
}

@misc{nx,
  title = "{Executable space protection}",
  author = "{Wikipedia}",
  note = {\url{https://en.wikipedia.org/wiki/Executable-space_protection}}
}

@misc{aslr,
  title = "{Address Space Layout Randomization}",
  author = "{Wikipedia}",
  note = {\url{https://en.wikipedia.org/wiki/Address_space_layout_randomization}}
}
