@misc{ropper,
  title = "{Ropper}",
  author = "{github.com/sashs}",
  note = {\url{https://github.com/sashs/Ropper}}
}

@misc{rop,
  title = "{Return Oriented Programming}",
  author = "{Wikipedia}",
  note = {\url{https://en.wikipedia.org/wiki/Return-oriented_programming}}
}

@misc{CERT,
  title = "{CERT Secure Coding}",
  author = "{CMU}",
  note = {\url{https://wiki.sei.cmu.edu/confluence/display/c/SEI+CERT+C+Coding+Standard}}
}

@misc{cfi,
  title = "{Control-flow Integrity}",
  author = "{Wikipedia}",
  note = {\url{https://en.wikipedia.org/wiki/Control-flow_integrity}}
}

@misc{mem_corr,
  title = "{Memory Corruption}",
  author = "{Wikipedia}",
  note = {\url{https://en.wikipedia.org/wiki/Memory_corruption}}
}

@misc{stack_overflow,
  title = "{Stack Buffer Overflow}",
  author = "{Wikipedia}",
  note = {\url{https://en.wikipedia.org/wiki/Stack_buffer_overflow}}
}

@misc{canaries,
  title = "{Canaries}",
  author = "{Wikipedia}",
  note = {\url{https://en.wikipedia.org/wiki/Buffer_overflow_protection#Canaries}}
}

@misc{gets,
  title = "{Gets}",
  author = "{Man}",
  note = {\url{https://www.man7.org/linux/man-pages/man3/gets.3.html}}
}

@misc{nx,
  title = "{Executable space protection}",
  author = "{Wikipedia}",
  note = {\url{https://en.wikipedia.org/wiki/Executable-space_protection}}
}

@misc{aslr,
  title = "{Address Space Layout Randomization}",
  author = "{Wikipedia}",
  note = {\url{https://en.wikipedia.org/wiki/Address_space_layout_randomization}}
}
